<?xml version="1.0" encoding="UTF-8"?><collection xmlns="http://www.loc.gov/MARC21/slim"><record><leader>00341nam--2200133-i-4500</leader><controlfield tag="001">000005014</controlfield><controlfield tag="002">20161230</controlfield><controlfield tag="005">20170220004544</controlfield><controlfield tag="008">060222s1000------------r-----000-0-eng-d</controlfield><datafield ind1=" " ind2=" " tag="245"><subfield code="a">Radio tube. Vade-Mecum 1958. 14th edition</subfield></datafield><datafield ind1=" " ind2=" " tag="260"><subfield code="a">Antwerp</subfield><subfield code="b">P.H.Brans, Ltd</subfield><subfield code="c">1958</subfield></datafield><datafield ind1=" " ind2=" " tag="300"><subfield code="a">464 p</subfield></datafield><datafield ind1=" " ind2=" " tag="700"><subfield code="a">Brans, P. H</subfield></datafield><datafield ind1=" " ind2=" " tag="CAT"><subfield code="a">SYS</subfield><subfield code="c">20170220</subfield><subfield code="h">004544</subfield></datafield></record></collection>